@inproceedings{congavoid,
  title = {Congestion Avoidance and Control},
  author = {Jacobson, Van},
  booktitle = {Proceedings of ACM SIGCOMM},
  month = 9,
  year = 1988,
  pages = {314--329},
}

@inproceedings{methodology,
  author = {Dovrolis, Constantinos and Ramanathan, Parameswaran and Moore, David},
  title = {Packet-dispersion techniques and a capacity-estimation methodology},
  booktitle = {IEEE/ACM Transactions on Networking},
  volume = 12,
  number = 6,
  month = dec,
  year = 2004,
  pages = {963--977},
}

@incollection{ic,
  title = {Effects of Interrupt Coalescence on Network Measurements},
  author = {Prasad, Ravi and Jain, Manish and Dovrolis, Constantinos},
  year = {2004},
  booktitle = {Passive and Active Network Measurement},
  volume = {3015},
  series = {Lecture Notes in Computer Science},
  publisher = {Springer Berlin Heidelberg},
  pages = {247--256},
}

@inproceedings{softnet,
  title = {Beyond Softnet},
  author = {Hadi Salim, Jamal and Olsson, Robert and Kuznetsov, Alexey},
  booktitle = {Proceedings of the 5th Annual Linux Showcase $\&$ Conference},
  institution = {USENIX Association},
  year = {2001},
  location = {Oakland, California, USA},
  url = {http://static.usenix.org/publications/library/proceedings/als01/full_papers/jamal/jamal.pdf},
}

@book{linux,
  title = {Linux Device Drivers},
  author = {Corbet, Jonathan and Rubini, Alessandro and Kroah-Hartman, Greg},
  publisher = {O'Reilly},
  edition = {Third edition},
  year = {2005},
  url = {http://lwn.net/images/pdf/LDD3/ch17.pdf},
}

@techreport{socket2,
  title = {DataTAG -- A Map of the Networking Code in Linux Kernel 2.4.20},
  author = {Rio, Miguel and others},
  url = {http://datatag.web.cern.ch/datatag/papers/tr-datatag-2004-1.pdf},
}

@book{socket3,
  title = {The Linux Networking Architecture: Design and Implementation of Network Protocols in the Linux Kernel},
  author = {Wehrle, Klaus and Pählke, Frank and Ritter, Hartmut and Müller, Daniel and Bechler, Marc},
  publisher = {Prentice Hall},
  year = 2004,
  url = {http://www.6test.edu.cn/~lujx/linux_networking/0131777203_ch25lev1sec3.html},
}

@online{socket4,
  url = {http://vger.kernel.org/~davem/skb_sk.html},
}

@online{socket5,
  title = {Linux Kernel Networking -- advanced topics},
  author = {Rosen, Rami},
  year = 2009,
  url = {http://www.haifux.org/lectures/217/netLec5.pdf},
}

@techreport{socket6,
  title = {Common Functionality in the 2.6 Linux Network Stack},
  author = {Kelly, Richard and Gasparakis, Joseph},
  year = 2010,
  organization = {Intel},  
  url = {http://www.intel.com/content/dam/www/public/us/en/documents/white-papers/linux-2-6-network-stack-paper.pdf},
}

